@misc{M:Chemie,
    author = {{chemnitzer schulmodell}},
    title = {{Dichte fester Stoffe}},
    year = {2013},
    howpublished = {{Abrufbar unter http://schulmodell.eu/index.php/physik/503-dichte-fester-stoffe.html}},
    note = {25. \APACmonth{11} 2014}
}

@misc{S:RGB,
    author = {{Franci Penov}},
    title = {{Formula to determine brightness of RGB color}},
    year = {2009},
    howpublished = {{Abrufbar unter http://stackoverflow.com/questions/596216/formula-to-determine-brightness-of-rgb-color}},
    note = {12. \APACmonth{11} 2014}
}

@misc{Inf:UsbSerial,
    author = {{Felipe Herranz}},
    title = {{UsbSerial}},
    year = {2015},
    howpublished = {{Abrufbar unter https://github.com/felHR85/UsbSerial/releases/tag/2.2}},
    note = {12. \APACmonth{04} 2015}
}

@misc{Inf:Bluecove,
	author = {{Bluecove Development Group}},
	title = {{Bluecove Java Library for Java}},
	year = {2015},
	howpublished = {{Abrufbar unter http://bluecove.org/index.html}},
	note = {4. \APACmonth{03} 2015}
}

